3332 5214
346 432 410 496 292
869 449 1047 496 rununmns.

407 631 411 644 ·
435 610 509 674 593.
532 609 615 693 πρὸς
637 615 693 674 τοῦ
718 608 747 673 δ’
770 608 934 694 ἐπείσθης]
964 607 1007 674 01
1032 609 1125 696 Soph.
1149 609 1226 674 Oed.
1249 609 1285 673 R.
1311 609 1384 673 525.
1413 615 1467 672 τοῦ
1488 607 1552 691 πρὸς

346 697 439 782 (πρὸς
461 699 550 780 rodi)
575 698 604 763 d'
627 699 754 783 ἐφάνύη
780 723 839 776 -,·

436 790 508 852 596.
527 789 585 852 ’καί
610 788 705 872 δεῦρό
733 787 762 871 χ’
786 788 850 873 ἀεί]
874 787 985 852 Malim
1008 788 1062 852 καὶ
1086 788 1172 872 δεῦρ’
1196 789 1246 852 ἀεί
1266 812 1308 871 γε.
1398 787 1454 872 τὴν
1475 788 1552 870 τύχην

346 878 384 941 οὐ
407 877 590 962 μέμφομαι]
615 878 660 942 01.
684 877 789 942 Prom.
816 878 909 942 1073.
932 877 1016 962 μηδὲ
1040 915 1082 923 -
1105 879 1282 962 μέμψησθε
1303 877 1409 961 τύχην.
1437 876 1552 940 Monost

346 968 419 1030 621.
452 968 512 1031 οὐκ
545 969 625 1032 ἐστιν
657 967 739 1038 ὅστις
760 966 818 1051 τὴν
849 968 946 1051 τύχην
979 969 1017 1031 οὐ
1048 967 1213 1050 μέμφεται.
1246 968 1392 1052 Apollod.
1416 967 1472 1031 IV.
1494 967 1552 1029 456.

343 1057 373 1120 τί
393 1057 432 1119 ἄν
454 1081 499 1127 τις
521 1057 587 1120 ἄλλ’
612 1059 632 1140 ἢ
655 1064 693 1140 τῇ
715 1057 794 1141 τύχη
816 1057 977 1140 μέμφοιτο
1002 1057 1079 1120 διότι
1102 1081 1162 1133 -,·

434 1147 507 1210 598.
531 1145 662 1230 ἀρωγὰς
686 1145 731 1230 δ’]
765 1144 823 1222 Qu.
847 1147 985 1230 ἀρωγάς.
1075 1146 1207 1230 πέμπει]
1239 1148 1359 1229 πέμψει
1382 1151 1468 1210 reete
1489 1145 1553 1210 Scal.

344 1234 429 1298 Vide
453 1235 549 1299 schol.
589 1234 646 1312 Qu.
669 1236 790 1319 πέμποι
813 1235 865 1299 vel
887 1238 1020 1318 πέμψαι.

434 1325 507 1388 599.
530 1323 688 1408 πέπεισδι]
722 1323 765 1388 01.
794 1325 928 1408 ἄνωχθι.
968 1323 1025 1400 Qu.
1058 1325 1220 1389 πέποισδα
1251 1330 1298 1407 (111
1321 1323 1416 1388 clodo
1422 1372 1430 1401 ,
1463 1324 1553 1408 ἦσθα),

343 1412 405 1476 Vel
428 1415 566 1478 πέπεισο.
612 1415 652 1478 In
674 1413 739 1478 fine
762 1434 873 1478 versus
895 1415 1155 1498 interrogationis
1178 1419 1285 1478 notam
1307 1415 1477 1499 posuerim.

434 1503 506 1566 600.
531 1503 619 1567 δυοῖν
643 1541 684 1549 -
708 1502 909 1587 μιασμάτων]
943 1504 1032 1567 δυοῖν
1061 1505 1253 1586 μιασμάτοιν
1284 1510 1370 1569 reete
1398 1503 1502 1566 Elmsl.
1523 1501 1554 1564 ad

343 1591 425 1655 Med.
451 1593 523 1655 798.
569 1593 614 1657 ef.
642 1593 703 1676 Ag.
734 1594 828 1656 1384.
863 1594 897 1657 ἐν
930 1593 1019 1656 δυοῖν
1057 1594 1239 1676 οἶμώχμασι
1276 1594 1311 1674 (1.
1335 1593 1553 1676 οἰμωγμάτοιν).

343 1679 473 1745 V.L0b.
498 1683 715 1764 adAj.1304.
805 1681 1004 1766 προσβολὰς]
1030 1682 1074 1746 01.
1097 1682 1171 1746 0110.
1189 1684 1262 1746 283.
1285 1682 1468 1767 προσβολὰς
1485 1681 1553 1763 Ἐρι-
1621 1745 1623 1754 ,

343 1770 438 1834 νύων.
461 1769 534 1834 Pac.
560 1772 610 1834 39.
633 1773 739 1854 χῶτου
763 1772 833 1835 ποτ’
857 1772 919 1835 ἐστὶ
943 1771 1107 1853 δαιμόνων
1130 1773 1149 1855 ἡ
1173 1772 1338 1856 προσβολὴ
1366 1769 1369 1859 Ι
1396 1773 1455 1835 οὐκ
1478 1770 1537 1834 οἷδ’.

433 1860 505 1922 606.
530 1861 594 1944 ἐγὼ
618 1861 653 1924 δὲ
675 1860 797 1944 μητρὸς
819 1861 874 1944 τὴς
897 1863 976 1944 ἐμῆς
1000 1862 1034 1924 ἐν
1049 1861 1166 1946 αἵματι]
1190 1862 1256 1944 ἐγὼ
1281 1860 1316 1925 δὲ
1338 1866 1455 1944 μιαρᾶς
1476 1859 1555 1943 τῆσδε

342 1953 413 2018 πῶς
435 1950 469 2013 ἐν
492 1951 614 2032 αἵματι·
638 1955 693 2013 aut
716 1951 818 2015 simile
835 1951 956 2033 aliquid
972 1952 1108 2035 requirit
1121 1951 1328 2015 Herwerden.
1374 1951 1469 2015 “Non
1483 1950 1553 2013 enirn

342 2039 445 2120 potuit
476 2059 592 2123 negare
626 2059 659 2104 se
687 2041 797 2103 matris
825 2060 902 2104 suae
930 2059 998 2104 esse
1022 2041 1310 2125 consanguineum,
1339 2039 1395 2104 sed
1419 2045 1508 2123 negot
1527 2057 1552 2100 se

342 2133 407 2189 tam
440 2129 605 2193 scelestam
636 2130 804 2193 mulierem
840 2148 897 2214 pro
929 2135 1031 2194 matre
1069 2150 1127 2194 sua
1164 2129 1365 2214 agnoscere.'’
1405 2129 1448 2194 of.
1476 2129 1552 2211 Soph.

342 2217 392 2299 Aj.
419 2217 513 2281 1305.
551 2216 626 2289 τοὺς
661 2218 743 2302 πρὸς
766 2220 905 2301 αἵματος.
929 2219 977 2283 El.
1003 2220 1098 2282 1125.
1121 2219 1189 2282 ἀλλ’
1211 2223 1231 2302 ἢ
1256 2220 1358 2302 φίλων
1379 2244 1425 2290 τις
1446 2221 1465 2302 ἢ
1487 2215 1553 2299 πρὸς

344 2307 477 2388 αἵματος
499 2308 602 2390 φύσιν.

434 2397 506 2460 607.
530 2402 601 2467 πῶς
624 2395 653 2479 χ’
677 2398 706 2461 εί
729 2397 808 2461 Rob.
832 2399 878 2480 (in
902 2399 1032 2478 erratis).
1064 2403 1148 2472 πῶς,
1180 2399 1202 2481 ἥ
1226 2398 1254 2480 χ’
1278 2398 1400 2481 ἐύρεψέ
1422 2395 1552 2461 σ’11051.

385 2490 457 2555 πῶς
480 2486 541 2569 γάρ
565 2485 610 2571 σ’]
644 2487 683 2549 ού
716 2487 776 2570 γάρ
808 2486 838 2550 α’
866 2487 1076 2566 Herwerden,
1110 2489 1166 2570 qui
1198 2488 1365 2570 glossatori
1397 2488 1553 2571 ellipticun

340 2592 436 2637 usum
459 2576 591 2639 voculae
615 2576 675 2659 γὰρ
699 2577 871 2660 explicanti
893 2583 965 2647 πῶς
987 2577 1105 2640 tribuit.

433 2665 505 2727 611.
530 2666 639 2750 ὥσπερ
664 2665 755 2749 ἐστίν]
779 2664 976 2749 Suspectum.

433 2754 505 2817 612.
531 2754 672 2838 δικαίως]
698 2755 819 2819 δίκαιον
841 2761 926 2820 recte
950 2756 1100 2819 duratus.
1139 2755 1196 2832 Qu.
1220 2753 1287 2818 ἀλλ’
1310 2757 1339 2818 εί
1361 2755 1487 2825 δικαίως
1507 2754 1554 2816 εἴτε

339 2844 385 2927 μὴ
403 2844 589 2927 δεδρακέναι
607 2840 610 2930 Ι
630 2844 721 2907 δοκῶ
736 2843 802 2908 τάδ’
819 2845 896 2927 αίμα
913 2852 1030 2928 κρῖνον.
1068 2844 1252 2928 Respondet
1266 2845 1381 2929 Apollo
1400 2844 1552 2914 δικαίως,

340 2953 381 2998 ne
415 2934 537 2997 δίκαιον
571 2935 791 3017 reponendum
824 2954 893 2998 esse
926 2954 1068 3019 censeare,
1100 2939 1137 2997 ut
1167 2934 1251 2998 bene
1277 2935 1404 2998 monuit
1425 2933 1552 2998 Wcilius.

431 3024 504 3085 613.
529 3021 632 3106 δοκεῖ]
648 3023 748 3086 ’δοκῶ
770 3023 978 3088 Herwerden.
1069 3023 1135 3086 τόδ’
1158 3022 1249 3107 αἷμα]
1274 3022 1350 3087 Sub.
1367 3024 1491 3108 ἔδρασα.
1516 3019 1552 3083 01

339 3110 415 3175 Eur.
444 3112 543 3176 Orest.
572 3113 646 3175 406.
679 3111 835 3196 Πυλάδης
867 3113 885 3176 ὁ
918 3113 1066 3196 συνδρῶν
1102 3113 1180 3196 αἷμα
1216 3113 1270 3176 καί
1305 3113 1427 3198 μητρὸς
1457 3111 1552 3195 φόνον.

340 3200 433 3284 Soph.
458 3202 505 3265 El.
529 3203 603 3265 498.
630 3202 724 3265 1025.
985 3228 988 3233 ’
1115 3257 1116 3262 ,

430 3291 502 3353 618.
527 3292 545 3353 ὃ
568 3291 613 3374 μὴ
637 3291 779 3355 κελεύσαι
801 3291 924 3356 Wakef.
963 3291 1035 3376 Leg.
1060 3293 1078 3355 ὃ
1101 3292 1146 3375 μὴ
1173 3291 1309 3355 ’κέλευσε
1330 3327 1388 3356 -.

343 3396 347 3405 “
431 3381 503 3442 619.
526 3379 635 3464 τοῦδ’]
672 3380 760 3444 τοῦδ’
797 3383 877 3465 conj.
905 3381 1025 3445 Faehse
1056 3402 1085 3465 p.
1116 3382 1188 3444 327.
1226 3382 1273 3445 ed.
1306 3380 1416 3445 Herm.
1461 3380 1552 3444 Recte.

383 3475 452 3533 σῶν
476 3469 589 3551 δόμων
613 3469 766 3554 ἐφέστιον]
791 3469 834 3534 01.
860 3471 933 3533 577.

430 3559 502 3621 620.
526 3558 628 3642 βουλῇ
644 3596 686 3603 -
702 3558 833 3643 πατρός]
858 3559 903 3624 Cf.
927 3559 1019 3644 Soph.
1036 3560 1083 3623 El.
1102 3560 1174 3624 967.
1198 3562 1238 3643 ἢν
1262 3560 1377 3642 ἐπίσπῃ
1401 3565 1462 3630 τοῖς
1478 3559 1553 3639 ἐμοῖς

338 3648 558 3732 βουλεύμασιν.
585 3649 679 3711 1037.
701 3657 749 3731 τῷ
768 3657 817 3731 σῷ
833 3649 947 3732 δικαίῳ
963 3650 1029 3733 δῆτ’
1054 3650 1241 3713 ἐπισπέσθαι
1262 3673 1304 3731 με
1321 3650 1384 3726 δεῖ,·
1407 3645 1552 3713 11111637.

339 3738 389 3808 αίς
412 3738 576 3821 (γνώμαις)
600 3736 694 3820 ἔγωγ’
718 3739 889 3820 ἐφέψομαι.

430 3829 503 3890 623.
526 3826 629 3911 πέδῳ]
653 3826 763 3892 Scribe
786 3827 885 3891 πέδοι.
923 3829 962 3892 V.
985 3826 1082 3891 Dind.
1106 3826 1183 3892 Lex,
1206 3829 1321 3892 Aesch.
1345 3829 1375 3890 h.
1399 3850 1427 3892 v.

429 3918 502 3979 624.
527 3915 584 3992 Qu.
607 3917 702 4000 μητρί
725 3918 781 3998 (sie
804 3917 925 3997 Aurat.)
947 3917 1102 4001 μηδαμοῦ
1124 3917 1215 3999 τιμὰς
1238 3924 1350 4000 νεμεῖν.

430 4008 502 4068 625.
526 4005 647 4090 δανεῖν]
671 4013 793 4070 κτανεῖν
816 4007 926 4070 Aurat.
950 4006 1068 4090 Musgr.

429 4097 501 4158 620.
526 4097 561 4159 σί
577 4094 603 4157 τ’
627 4096 781 4178 ἐφήμενοι
808 4116 881 4159 mss,
916 4097 951 4159 οἵ
971 4095 998 4158 τ’
1026 4097 1184 4179 ἐφειμένοι
1217 4097 1300 4180 (qui
1330 4097 1428 4180 jussi
1459 4087 1550 4167 sunt)

339 4187 417 4268 conj.
442 4186 560 4269 Musgr.
607 4183 699 4260 Quod
726 4186 806 4248 mihi
832 4186 894 4268 ipsi
921 4187 955 4248 in
983 4190 1122 4250 mentem
1150 4188 1244 4250 venit
1283 4186 1434 4270 Anglice,
1455 4184 1550 4246 those

338 4275 418 4338 who
443 4295 504 4338 are
528 4274 692 4357 charged
716 4275 1050 4356 (commissioned).

428 4364 500 4427 630.
526 4362 664 4447 διαιρεῖν]
687 4361 878 4428 Dirimere
901 4365 1214 4429 controversiam.
1253 4364 1297 4428 01.
1314 4365 1389 4428 472.
1405 4364 1473 4427 488.
1487 4357 1549 4422 749.

338 4455 371 4516 έν
395 4453 541 4536 διαιρέσει
561 4453 714 4535 (ψήφων).
738 4453 834 4517 Arist.
850 4453 928 4517 Ran.
947 4455 1041 4517 1100.
1064 4454 1203 4538 χαλεπὸν
1231 4451 1289 4518 οὖν
1312 4455 1407 4537 ἔργον
1430 4453 1549 4532 διαιρεῖν.

336 4543 453 4607 Herod.
477 4543 533 4606 IV.
558 4542 609 4604 23.
633 4543 664 4605 οί
684 4541 740 4614 τὰς
764 4542 921 4627 διαφορὰς
945 4543 1139 4629 διαιρέοντες.
