3462 5210
603 993 1072 1097 PRAEFATIO.

731 1245 945 1254 ———.

312 1439 381 1504 Has
405 1442 440 1503 in
455 1442 652 1523 Aeschylum
676 1440 926 1524 observationes,
949 1442 1064 1524 partim
1081 1461 1168 1505 meas
1188 1443 1302 1524 partim
1317 1441 1454 1504 aliorum

224 1548 276 1612 hic
299 1547 347 1611 ibi
370 1567 507 1632 sparsas,
529 1549 675 1632 plurimis
699 1547 815 1611 abhinc
835 1550 927 1611 annis
948 1553 1100 1612 annotare
1125 1553 1156 1612 et
1180 1549 1329 1632 colligere
1354 1549 1452 1632 coepi,

222 1656 440 1740 negligentius
464 1675 557 1739 saepe
581 1660 613 1719 et
634 1675 701 1719 non
724 1656 868 1719 consulto
891 1657 959 1738 ipso
976 1657 1114 1719 auctoris
1137 1660 1241 1738 textu,
1263 1660 1300 1719 ut
1323 1675 1342 1718 a
1363 1655 1453 1719 libris

224 1764 305 1826 meis
328 1763 441 1846 procul
464 1767 597 1826 amotus.
644 1761 740 1826 Unde
762 1782 828 1825 non
856 1763 974 1825 mirum
1002 1762 1162 1826 videbitur
1189 1765 1216 1826 si
1243 1765 1278 1825 in
1305 1764 1346 1826 iis
1374 1782 1453 1827 non-

226 1870 315 1932 nulla
326 1871 456 1933 levioris
472 1871 639 1951 momenti,
651 1870 806 1932 nonnulla
821 1890 934 1954 parum
951 1871 1102 1954 castigate
1118 1875 1150 1934 et
1165 1876 1311 1934 accurate
1327 1873 1453 1955 scripta,

228 1977 382 2040 nonnulla
405 1980 500 2040 etiarn
525 1982 629 2040 errata
651 1979 857 2061 reperiantur.
905 1976 1006 2052 Quam
1036 1976 1076 2040 ob
1104 1998 1233 2042 causam
1255 1980 1453 2062 propositum

226 2083 306 2146 mihi
329 2088 398 2147 erat
421 2087 649 2148 accuratiorem
666 2105 777 2148 earum
800 2085 1018 2148 recensionem
1041 2085 1145 2148 iacere
1159 2086 1347 2168 priusquam
1364 2090 1455 2169 typo·

223 2191 342 2274 grapho
367 2193 651 2255 committerentur.
698 2190 774 2274 Sed,
803 2211 903 2273 quum
931 2197 1056 2275 praeter
1088 2192 1151 2256 alia
1178 2194 1305 2276 negotia
1331 2211 1454 2276 preme-

223 2303 296 2361 rent
317 2297 447 2361 infirma
473 2299 622 2363 valetudo
652 2303 683 2362 et
711 2305 872 2376 senectus,
902 2300 1024 2362 invitus
1052 2304 1179 2362 coactus
1208 2320 1280 2363 sum
1309 2318 1362 2362 eas
1389 2299 1453 2363 fere

223 2410 258 2468 ut
286 2407 426 2489 primum
458 2404 594 2489 scriptae
627 2411 718 2470 erant
749 2407 938 2488 relinquere.
985 2405 1104 2470 Multas
1136 2408 1335 2488 conjecturas
1368 2425 1454 2470 meas

224 2513 258 2574 in
281 2514 321 2575 iis
344 2515 521 2596 propositas
545 2512 585 2577 ab
609 2514 679 2576 aliis
702 2515 780 2576 viris
804 2515 924 2578 criticis
947 2515 1072 2578 interea
1097 2519 1266 2598 occupatas
1290 2533 1358 2578 esse
1382 2534 1453 2597 pro-

223 2618 328 2683 babile
356 2625 416 2684 est:
447 2622 532 2702 quod
559 2640 674 2685 moneo
702 2641 744 2684 ne
774 2622 846 2703 quis
873 2641 925 2684 me
953 2622 1089 2685 aliorum
1118 2623 1237 2685 serinia
1265 2622 1453 2706 compilasse

225 2726 313 2789 etin
335 2747 444 2791 meum
466 2729 569 2812 ipsius
596 2748 691 2791 usum
714 2730 867 2792 scientem
891 2731 1084 2793 convertisse
1112 2733 1209 2812 putet.
1257 2729 1452 2805 Qualescun-

225 2853 287 2915 que
324 2835 387 2898 sint
419 2835 479 2898 hae
512 2835 815 2914 animadversiones,
843 2855 934 2918 spero
971 2855 1013 2900 ex
1045 2837 1085 2898 iis
1117 2835 1268 2900 lectorem
1297 2837 1453 2899 nonnulla

226 2960 306 3022 qnae
334 2939 375 3004 ad
400 2947 562 3005 auctorem
590 2941 753 3006 difficilem
782 2948 813 3005 et
839 2942 991 3026 gravibus
1021 2947 1128 3006 textus
1152 2943 1337 3026 corruptelis
1365 2942 1452 3005 labo-

224 3052 346 3111 rantem
371 3050 604 3112 emendandum
628 3055 659 3112 et
682 3049 905 3114 illustrandum
927 3050 1108 3113 conducant
1123 3056 1350 3133 excerpturum
1374 3069 1451 3114 esse.

314 3154 419 3230 Quum
450 3159 517 3240 Jam
551 3176 652 3240 paene
689 3162 790 3221 totum
829 3157 980 3220 volumen
1014 3157 1100 3241 typis
1140 3176 1326 3240 expressum
1361 3162 1451 3238 esset,

224 3281 337 3326 novam
372 3268 404 3327 et
437 3264 672 3347 diligentiorem
704 3267 800 3328 trium
835 3263 983 3328 Oresteae
1015 3264 1195 3327 fabularum
1232 3265 1451 3328 recensionem

225 3370 327 3434 facere
350 3372 517 3452 constitui,
550 3372 598 3434 rei
630 3372 760 3434 criticae
792 3374 962 3455 praecipue
996 3355 1117 3435 ratione
1144 3371 1260 3435 habita.
1308 3369 1393 3445 Quas
1415 3371 1450 3433 in

226 3475 303 3540 duas
330 3479 519 3560 posteriores
545 3477 671 3542 fabulas
705 3477 942 3542 observationes
965 3480 1101 3542 feceram
1125 3479 1159 3540 in
1183 3478 1349 3542 Addendis
1378 3498 1451 3561 sup-

224 3583 323 3665 plevi3
349 3586 486 3665 quasin
511 3580 786 3668 Agamemnonem
816 3587 851 3648 in
885 3586 1043 3668 singulari
1069 3588 1137 3668 ejus
1159 3585 1285 3649 fabulae
1312 3585 1451 3648 editione

226 3709 321 3770 quam
352 3712 440 3756 nuno
472 3713 548 3776 paro
577 3698 609 3756 et
637 3713 732 3775 quam
765 3695 910 3777 proxime
944 3693 979 3755 in
1016 3694 1120 3757 lucem
1153 3694 1352 3776 prodituram
1385 3711 1452 3755 esso

225 3816 314 3882 spero
336 3819 521 3883 proponam.

313 3923 497 3989 Scribebam
519 3925 738 4009 Brightoniae‚
761 3925 851 3988 lunii
876 3926 926 3989 die
952 3927 1002 3987 27.
1029 3927 1122 3989 1895.
