3312 5212
327 436 391 498 226
842 453 1037 499 nenrninron.

415 615 509 677 1578.
533 614 595 697 ἤδη
628 613 697 697 νῦν]
721 614 803 677 Fort.
820 619 877 677 νῦν
893 614 970 696 ἤδη,
996 614 1081 696 quod
1097 613 1213 698 legitur
1228 612 1311 677 Nub.
1326 614 1399 674 295.
1411 614 1483 676 327.
1497 617 1552 675 etc.

416 705 510 767 1579.
536 703 604 787 γῆς]
629 701 686 779 Qu,
710 701 809 767 πάντ’.

416 794 509 856 1580.
534 795 685 875 ὑφαντοῖς
709 792 768 876 -]
808 791 852 855 Of.
889 790 982 876 Soph.
1014 793 1062 855 Tr.
1094 793 1188 855 1051.
1222 791 1377 874 Ἐρινύων
1414 790 1554 873 ύφαντδν

325 882 572 965 ἀμφίβληστρον.
605 883 655 965 Aj.
682 883 775 945 1034.
809 879 861 962 ἀρ’
885 883 945 944 οὐκ
964 877 1089 963 Ἐρινὺς
1121 880 1203 944 τοῦτ’
1236 882 1405 963 έχάλκευσε
1433 882 1523 962 ξίφος
1549 876 1551 966 ]

324 971 471 1035 κάκεῖνον
488 971 596 1055 Ἅιδης
620 970 816 1054 δημιουργὸς
838 972 963 1054 ἀγριος;
1009 969 1110 1054 Supra
1135 972 1229 1035 1084.
1260 972 1387 1034 ἀίκτυον
1402 968 1553 1032 -Ἅιδα,

416 1079 510 1142 1585.
534 1079 631 1141 αὐτοῦ
655 1078 681 1140 τ’
704 1098 777 1142 mss.
801 1079 899 1141 αὑτοῦ
924 1077 952 1140 δ’
969 1077 1077 1141 Elmsl.
1096 1079 1136 1141 ad
1147 1078 1230 1141 Med.
1245 1079 1317 1140 940.
1330 1075 1425 1140 Dind.
1448 1076 1553 1141 Recte.

417 1167 510 1230 1589.
534 1166 637 1251 τὸμὴ
663 1167 722 1250 -]
747 1166 790 1230 Cf.
815 1168 855 1230 ad
878 1167 982 1230 Prcm.
1009 1168 1081 1229 236.
1213 1206 1218 1217 ·

418 1258 511 1319 1590.
536 1256 646 1320 Scribe
670 1257 781 1320 αὐτοῦ·
807 1257 891 1330 ξένια
916 1256 951 1320 δὲ
974 1262 1031 1320 etc.

416 1346 510 1409 1591.
534 1346 716 1428 προθύμως
742 1346 864 1428 μᾶλλον
892 1349 911 1428 ἢ
941 1345 1057 1430 φίλαις]
1092 1345 1136 1410 Of.
1161 1345 1234 1411 Eur.
1259 1345 1342 1410 Med.
1366 1345 1440 1408 485.
1473 1345 1553 1427 πρό-

325 1437 432 1518 θυμος
454 1436 576 1518 μᾶλλον
600 1437 629 1512 (i.
647 1455 672 1498 0.
697 1437 937 1518 προθυμοτέρα)
958 1439 977 1517 ἢ
995 1437 1172 1518 σοφωτέρα.
1263 1435 1402 1517 μόχθων
1419 1473 1460 1480 -
1476 1433 1553 1517 ἀλις]

324 1525 528 1607 μόχθων-
553 1526 632 1594 ἄκος
655 1524 839 1588 Denaldscn
865 1525 904 1587 ad
928 1523 1021 1607 Scph.
1046 1526 1121 1588 Ant.
1148 1525 1241 1587 1241.

418 1615 512 1676 1592.
536 1613 713 1696 κρεουργὸν
746 1613 851 1697 ἦμαρ]
885 1614 929 1677 cf.
954 1614 1028 1677 ono.
1055 1615 1127 1675 252.
1160 1614 1331 1697 βουθύτοις
1364 1615 1397 1676 έν
1430 1615 1554 1695 ἥμασιν.

325 1703 400 1766 Eur.
428 1703 500 1766 Hel.
532 1705 625 1766 1474.
663 1704 826 1786 βούθυτον
863 1703 994 1786 ἁμέραν.
1029 1702 1121 1786 Scph.
1150 1704 1198 1765 Tr.
1229 1704 1301 1766 609.
1339 1703 1444 1785 ἡμέρᾳ
1480 1726 1554 1764 ταυ-

325 1816 491 1874 rotpaysp.

416 1900 502 1962 1594
515 1920 560 1982 sq.
593 1899 703 1962 Simile
735 1901 887 1983 Astyagis
918 1900 1043 1963 facinus
1076 1905 1182 1962 narrat
1213 1898 1396 1963 Herodotus
1423 1899 1447 1962 Ι.
1474 1899 1555 1980 lte,

327 1991 382 2070 qui
405 1989 554 2074 Harpage
577 1994 649 2072 pest
676 2009 817 2052 cemesas
846 1988 905 2051 filii
928 2009 1040 2052 carnes
1064 1988 1186 2052 ostendi
1211 1990 1307 2071 jussit
1333 1988 1390 2072 τὴν
1413 1988 1556 2070 κεφαλὴν

325 2084 380 2140 τοῦ
404 2078 519 2148 παιδὸς
541 2079 867 2160 κατακεκαλυμμένην
890 2077 943 2140 καὶ
966 2078 1021 2148 τάς
1044 2085 1150 2161 χεῖρας
1173 2077 1322 2147 καὶτοὺς
1346 2078 1455 2147 πόδας.

370 2166 509 2251 ποδήρη]
534 2167 578 2230 Of.
604 2169 676 2230 898.
700 2168 816 2257 ,στύλον
839 2168 975 2250 ποδήρη.
1004 2166 1105 2230 Strab.
1128 2168 1186 2230 HI.
1209 2166 1262 2229 fin.
1295 2168 1446 2249 ποδήρεις
1469 2167 1555 2230 ἔνδε-

327 2256 456 2326 δυκότες
478 2255 553 2326 ’τοὺς
575 2263 717 2340 χιτῶνας.
808 2258 929 2339 ἄκρους
952 2256 1073 2340 κτένας]
1097 2256 1121 2319 Ι.
1146 2276 1171 2319 0.
1195 2256 1368 2338 φάλαγγας.

417 2365 510 2426 1595.
535 2363 667 2446 ἔθρυπτ’
700 2365 828 2427 ἀνωθεν
865 2384 937 2427 mss.
976 2364 1104 2447 έκρυπτ’
1141 2364 1270 2428 ἀνωθεν
1303 2362 1400 2427 Stanl.
1432 2363 1555 2444 Tyrwh.

326 2453 453 2535 έκρυπτ’
487 2454 621 2517 ἄνευθεν
651 2458 736 2516 recte
773 2454 885 2516 Blomf.
919 2454 1023 2517 Karst.
1055 2452 1186 2536 ἔθρυπτ’
1223 2455 1353 2517 ἀνωθεν
1394 2452 1556 2534 ἀνδρακὰς

327 2542 521 2624 δατούμενος
543 2541 665 2606 Weckl.
756 2544 942 2626 καθήμενος
965 2549 1049 2607 recte
1070 2563 1142 2606 mss.
1167 2543 1364 2626 καθημένοις
1381 2539 1554 2604 00000500.

326 2629 374 2694 De
408 2651 443 2694 rc
474 2633 511 2695 cf.
539 2632 658 2716 Hygin.
688 2631 761 2694 Eeb.
791 2633 841 2694 88.
880 2632 958 2713 ‘qui
997 2652 1110 2714 quum
1147 2638 1380 2712 vesceretur,
1413 2634 1555 2695 Atreus

326 2722 531 2803 imperavit
554 2721 706 2784 brachia
730 2727 766 2784 et
798 2741 862 2784 cra
883 2741 1088 2804 puerorum
1112 2720 1264 2785 afferri?
1287 2717 1328 2784 Π.
1344 2721 1418 2804 Reg.
1433 2720 1554 2782 IX.35.

326 2810 381 2872 καὶ
408 2811 632 2893 ἐπορεύθησαν
659 2811 765 2891 θάψαι
794 2810 889 2873 αὐτὸν
922 2811 975 2874 καὶ
1009 2812 1068 2893 οὐχ
1101 2808 1195 2892 εὗρον
1223 2811 1256 2873 έν
1284 2811 1363 2893 αὐτῇ
1387 2811 1460 2872 ἀλλο
1482 2832 1507 2870 τι
1533 2811 1554 2889 ἢ

325 2899 361 2962 τδ
384 2901 516 2980 κρανίον
538 2900 592 2962 καὶ
616 2901 646 2963 οἱ
668 2900 765 2969 πόδες
788 2899 901 2963 καὶτὰ
925 2902 994 2983 ἴχνη
1019 2906 1083 2963 τῶν
1106 2906 1230 2982 χειρῶν.

418 2989 512 3052 1590.
536 2990 644 3071 ἄσημα
669 2988 698 3050 δ’
722 2990 828 3052 αὐτῶν
850 3009 924 3052 mss
963 2988 1036 3073 Leg.
1060 2991 1185 3072 τάσημα
1210 2988 1238 3052 δ’
1262 2990 1376 3051 αὐτῶν.

418 3079 511 3141 1597.
536 3079 582 3148 ὡς
606 3079 685 3159 δρᾷς
709 3077 800 3162 γένει]
829 3077 902 3160 Leg.
927 3079 955 3141 δ
969 3080 1099 3161 σπείρας
1131 3080 1234 3161 πατήρ
1259 3079 1394 3159 (γονεύς,
1426 3077 1553 3154 τοκεύς).

326 3168 405 3231 Jure
429 3169 464 3230 in
487 3168 618 3249 vulgate
640 3168 812 3230 haeserunt
835 3168 926 3230 Beth.
950 3166 1095 3231 Karsten.

418 3275 511 3337 1599.
536 3277 575 3337 ἀν
590 3276 691 3337 πίπτει
708 3275 736 3336 δ’
754 3274 818 3336 ἀπὸ
835 3281 960 3357 σφαγῆς
981 3276 1065 3357 έρῶν
1081 3295 1154 3338 mss.
1172 3275 1320 3356 ἀμπίπτει
1337 3273 1550 3337 δ’-000100,

327 3365 473 3445 ἀμπίπτει
496 3362 521 3424 τ’
546 3363 610 3425 ἀπὸ
643 3364 768 3446 σφαγὴν
801 3365 884 3446 ἐρῶν
908 3365 944 3445 (i.
961 3384 986 3427 0.
1011 3365 1154 3447 ἀπερῶν,
1187 3369 1223 3426 ut
1246 3365 1377 3446 ἐξερῶν)
1410 3363 1548 3426 Karsten.

327 3451 384 3527 00.
410 3454 558 3535 ἀμπίπτει
580 3477 611 3515 τε
638 3453 693 3522 τὰς
716 3453 841 3534 σφαγὰς
869 3453 935 3536 (τὴν
959 3453 1094 3536 σφαγὴν,
1123 3461 1178 3536 τῆς
1201 3454 1337 3535 σφαγῆς]
1362 3454 1456 3534 έμῶν.
1491 3447 1549 3523 Qu.

327 3545 446 3624 ᾤμωξε
478 3543 647 3624 κάμπίπτει
679 3541 746 3623 κρέ’
775 3544 810 3605 ἐκ
845 3550 970 3624 σφαγῆς
1003 3544 1099 3624 έμῶν.
1139 3543 1183 3606 Of.
1213 3542 1331 3624 Phryn.
1356 3542 1397 3605 ΙΙ.
1422 3541 1488 3604 318.
1520 3537 1548 3600 ὦ

325 3633 471 3714 μαλάχας
507 3631 566 3713 μὲν
601 3633 724 3713 ἒξεμῶν
757 3633 891 3714 (ἐξερῶν
919 3632 1017 3712 libri).
1131 3631 1227 3715 ἐρῶν]
1261 3633 1349 3714 ἀμῶν
1381 3632 1457 3694 Aur.
1492 3627 1546 3702 Qu.

325 3745 454 3784 τεκνων.

418 3828 511 3890 1000.
536 3826 609 3910 Leg.
633 3828 667 3888 τ’.

419 3918 512 3979 1002.
537 3918 639 3986 οὕτως
663 3917 792 3980 ὀλέσθαι
814 3917 953 3980 Vauvill.
978 3918 1018 3980 ad
1041 3917 1135 3999 Soph.
1158 3916 1206 3980 El.
1232 3918 1305 3980 830.

418 4007 512 4068 1605.
535 4007 636 4088 τρίτον
666 4006 725 4089 γὰρ
751 4006 809 4089 -]
837 4005 887 4069 Ira
909 4007 1014 4070 Prcm.
1040 4008 1112 4069 774.
1140 4008 1241 4089 τρίτος
1270 4031 1304 4088 γε
1332 4008 1442 4088 γένναν
1471 4001 1544 4085 πρὸς

328 4094 393 4158 δέκ’
422 4095 559 4158 ἄλλαισιν
592 4103 705 4177 γοναῖς.
750 4095 807 4171 Qu.
835 4097 936 4178 τρίτον
965 4095 1025 4178 γὰρ
1039 4098 1127 4159 »ὄντα
1157 4096 1255 4158 παῖδά
1278 4094 1313 4178 μ’
1338 4097 1440 4177 ἀθλίῳ
1461 4092 1546 4172 πατρί

327 4187 540 4247 001-ἀντα
565 4186 600 4267 μ’
629 4187 696 4267 ἅμα
728 4186 900 4266 τρισαθλίῳ
931 4187 1032 4266 πατρί.
1124 4185 1175 4248 έπὶ
1208 4184 1257 4247 δύ’
1286 4185 1391 4266 ἀθλίῳ
1423 4184 1541 4246 Atreus.

327 4275 376 4336 ἐπὶ
409 4274 572 4355 δυσαθλίῳ
602 4275 637 4336 0.
663 4275 693 4336 0.
717 4273 768 4336 W.
793 4274 974 4337 Schneider.
1011 4274 1060 4336 ἐπὶ
1091 4275 1264 4355 τρισαθλίῳ
1292 4273 1388 4337 Mein.
1426 4270 1478 4336 οὖν
1502 4291 1542 4348 με

326 4363 413 4426 παῖδ’
438 4364 478 4425 ἔτ’
503 4364 606 4444 ἀθλίῳ
629 4363 756 4426 Davies
789 4363 885 4426 αάτδν
918 4365 991 4426 ὄντα
1019 4363 1054 4445 μ’
1079 4365 1183 4445 ἀθλίῳ
1207 4362 1382 4427 Wecklein.
1414 4363 1480 4424 ὄντα
1502 4380 1542 4437 με

325 4455 436 4516 τέκνον
452 4453 496 4534 (μ’
514 4453 591 4524 υἱὸν,
608 4452 717 4530 παῖδα)
734 4451 837 4532 ἀθλίῳ
852 4452 1059 4516 Herwerden.
1083 4455 1174 4535 ἔρνος
1191 4453 1294 4534 ἀθλίῳ
1310 4451 1342 4516 F.
1357 4451 1392 4515 G.
1406 4445 1540 4514 Schmidt

418 4543 511 4604 1008.
535 4543 670 4624 θυραῖος
694 4540 752 4625 ὢν]
776 4542 800 4603 Ι.
826 4560 849 4603 0.
874 4543 988 4623 καίπερ
1012 4543 1051 4604 οά
1074 4543 1198 4625 παρών.
