3462 5210
589 457 703 504 εοευειε
726 459 840 504 coum
863 460 985 505 mm.
1357 442 1397 506 71

171 617 306 700 θύρσοις
330 616 380 681 διά
403 623 509 700 χερῶν
532 618 733 700 ὡπλισμέναι.
756 619 832 683 Eur.
848 619 898 683 Fr.
916 621 979 682 223
994 619 1026 684 O.
1043 641 1072 684 v.
1089 622 1140 683 47.
1164 621 1218 685 τὸν
1240 619 1268 685 δ’
1287 620 1400 704 Ἀμφί-

173 730 231 771 σνα
257 703 261 792 ]
286 707 385 789 λύραν
408 707 528 771 κελεύω
553 707 603 770 διὰ
627 714 733 790 χερῶν
756 709 956 790 ὡπλισμένον
980 714 1037 773 eto.
1133 711 1239 793 φλέγει
1263 710 1297 774 δὲ
1320 711 1400 792 λαμ-

172 795 235 866 πὰς
252 795 310 880 -]
336 796 380 860 01.
397 795 490 879 Soph.
508 796 584 861 Oed.
602 796 744 861 0.1466.
768 799 900 879 οὐρανία
924 797 985 881 γὰρ
1001 799 1144 882 ἀστραπὴ
1162 801 1275 882 φλέγει.
1350 800 1400 863 διά

172 885 289 969 χερῶν]
314 882 372 959 Ωιι.
397 885 447 948 διὰ
471 892 585 969 χεροῖν.
676 886 870 971 ὡπλισμένη]
895 885 1092 970 Suspectum
1124 887 1207 952 Fort.
1223 890 1400 972 ἀνημμένη,

173 975 224 1039 vel
247 975 451 1057 ὡπλισμένῳ,
475 975 527 1039 vel
550 975 768 1057 ὡπλισμένων.
823 1003 826 1010 ’

262 1064 336 1126 434.
359 1070 489 1147 χρυσοῖς
513 1064 548 1128 δὲ
571 1063 631 1148 -]
665 1064 709 1128 01.
735 1065 807 1127 646.
841 1065 888 1135 ὡς
918 1064 956 1129 τὰ
985 1067 1156 1149 γράμματα
1181 1063 1186 1154 ]
1210 1067 1290 1149 λέγει
1319 1077 1400 1132 “na-

171 1153 258 1306 ηὴἡω
282 1152 361 1217 010.”
385 1154 583 1217 Α1151Αο11.
611 1154 681 1216 197.
714 1155 776 1218 κάν
807 1163 854 1237 τῷ
886 1155 1014 1238 στόματι
1037 1155 1174 1237 λέγουσι,
1206 1155 1298 1220 Βαῖν’
1326 1157 1401 1221 ὅποι

231 1266 281 1312 εις.

262 1350 336 1412 435.
359 1351 464 1434 πέμπε
480 1388 522 1396 -
538 1351 581 1421 τίς
604 1352 800 1433 ξυστὴσεται;
823 1350 945 1433 Blomf.‚
969 1353 1022 1415 cuj
1044 1351 1235 1436 1110101800,
1256 1353 1400 1418 uthodie

172 1443 246 1521 stat,
277 1440 410 1502 minime
441 1440 553 1523 placet.
585 1440 698 1522 τοιῷδε
730 1440 812 1522 φωτὶ
843 1441 886 1510 τίς
917 1441 1005 1524 μάχη
1023 1465 1082 1518 -;
1115 1444 1194 1525 conj.
1209 1443 1302 1507 Weil.
1342 1441 1400 1518 Ωι1.

172 1527 287 1610 τοιῷδε
323 1528 406 1611 τῷδε
447 1529 529 1611 φωτὶ
569 1531 613 1599 τίς
641 1554 701 1605 -;
737 1530 790 1593 vel
830 1529 945 1612 τοιῷδε
985 1531 1081 1612 φωτὶ,
1125 1532 1240 1613 φράζε,
1274 1532 1318 1602 τίς
1337 1556 1401 1612 ,-,·

216 1616 333 1701 πέμπε]
359 1617 388 1681 δ’
411 1618 477 1681 εἰπὲ
499 1616 620 1702 Herm,
645 1620 701 1700 qui
723 1619 881 1683 soloecam
905 1638 973 1683 esse
997 1620 1158 1703 vulgatam
1177 1623 1249 1703 jure
1270 1627 1400 1684 conten-

172 1707 226 1770 dit.
266 1706 324 1783 Ωιι.
348 1707 458 1790 φράζε.
505 1706 717 1772 Scribendum
739 1710 845 1790 πέμπε
869 1747 924 1771 -.
968 1706 1011 1772 Of.
1035 1709 1109 1772 470.
1138 1710 1191 1772 καλ
1213 1709 1296 1792 τῷδε
1318 1710 1401 1793 φωτί

171 1797 278 1878 πέμπε
304 1795 358 1859 τὸν
386 1797 569 1878 φερέγγυον.
598 1798 672 1859 472.
696 1798 770 1859 473.
796 1798 869 1860 595.
958 1798 1002 1869 τίς
1026 1837 1067 1844 -
1090 1797 1209 1882 μενεῖ,·]
1240 1797 1282 1862 Of.
1307 1797 1400 1883 Soph.

171 1886 222 1969 Aj.
248 1885 298 1948 68.
321 1886 456 1968 θαρσὼν
481 1885 515 1950 δὲ
537 1887 634 1968 μίμνε
657 1925 699 1932 -
722 1886 777 1950 τὸν
800 1885 899 1970 ἄνδρ’.

261 1994 336 2056 437.
359 1993 412 2056 καὶ
435 1994 519 2076 τῷδε
541 1992 658 2078 κέρδει]
690 1993 744 2056 καὶ
775 1993 858 2076 τῷδε
889 1994 1010 2077 κόμπῳ
1042 1993 1141 2058 Kock.
1169 1994 1281 2059 Heins.
1308 1995 1400 2060 Weil.

171 2080 230 2159 Ωιι.
254 2082 316 2145 κάν
333 2082 415 2164 τῷδε
437 2081 559 2165 τάνδρὶ,
583 2083 635 2146 vel
666 2082 720 2145 καὶ
751 2082 826 2166 τῇδε
857 2083 976 2165 κέρδει,
1005 2084 1055 2147 vel
1078 2084 1132 2147 καλ
1154 2093 1201 2166 τῳ
1223 2085 1326 2167 πάρος
1348 2086 1400 2168 (gl.

170 2172 288 2254 κέρδει]
310 2172 426 2254 κέρδος
448 2170 514 2234 τόδ’
538 2171 614 2234 ἀλλο
638 2172 777 2254 γίγνεται.
817 2169 860 2235 Cf.
885 2171 977 2255 Soph.
1001 2172 1048 2236 El.
1075 2174 1147 2235 235.
1170 2175 1216 2256 μὴ
1239 2175 1348 2237 τίκτειν
1371 2173 1400 2238 α’

170 2261 249 2324 ἄταν
272 2261 366 2331 ἀταις.

261 2351 335 2412 441.
358 2348 470 2423 θεοὺς,
503 2349 628 2434 ἀτίζων]
658 2349 702 2414 01.
726 2347 832 2434 Suppl.
863 2351 935 2413 733.
967 2349 1157 2419 Ειιια..540.
1180 2351 1265 2435 μηδέ
1286 2376 1333 2415 νιν
1358 2389 1400 2398 -—

170 2440 263 2520 ἀθέῳ
295 2438 371 2503 ποδί
397 2438 457 2512 λὰξ
479 2440 584 2522 ἀτίσῃς
608 2439 800 2522 (πατὴσηςῗ).
823 2439 873 2504 Fr.
899 2439 971 2502 103.
995 2441 1105 2510 ἀτίσεις
1128 2441 1158 2521 (i.
1183 2461 1208 2504 θ.
1233 2442 1400 2523 ἀτιμάσεις,

170 2528 331 2610 Hesych.).
359 2528 434 2592 Eur.
460 2527 567 2612 Suppl.
594 2529 642 2591 19.
666 2527 774 2611 νόμιμ’
798 2529 951 2602 ἀτίζοντες
973 2530 1069 2593 θεῶν.
1093 2530 1162 2593 Alc.
1189 2531 1282 2592 1037.
1306 2531 1400 2594 Hom.

169 2617 206 2682 ss.
230 2618 268 2681 v'.
295 2618 366 2681 168.
412 2617 488 2682 Alia
513 2618 615 2681 forma
641 2623 690 2682 est
710 2619 847 2702 Theogn.
873 2619 945 2680 621.
973 2624 1036 2689 πᾶς
1059 2643 1102 2689 τις
1125 2619 1275 2682 πλούσιον
1298 2619 1400 2702 ἀνδρα

169 2708 236 2780 τίει,
260 2707 335 2770 ἀτίει
359 2707 394 2770 δὲ
416 2707 572 2791 πενιχράν.

260 2814 335 2876 442.
359 2813 512 2878 Similiter
533 2816 630 2879 Arist.
654 2815 727 2878 Pac.
753 2816 803 2877 57.
838 2813 877 2878 δι’
901 2816 1023 2897 ἡμέρας
1047 2814 1107 2898 γὰρ
1131 2817 1163 2886 ἐς
1185 2815 1239 2878 τὸν
1262 2815 1401 2898 οάρανόν

169 2899 326 2990 βλέπων]
350 2902 411 2968 ὡδί
433 2904 578 2987 κεχηνὼς
600 2903 786 2985 λοιδορεῖται
807 2912 854 2984 τῴ
876 2904 933 2966 Διί.
1074 2913 1076 2917 ’

260 2993 335 3056 443.
360 2992 484 3074 γεγωνὰ
501 3031 542 3039 -
559 2992 635 3076 ἔπη]
660 2992 704 3057 Of.
728 2993 858 3075 Antiph.
882 2993 953 3076 196,
973 2995 1001 3056 2.
1024 2993 1107 3076 βοὴν
1129 2995 1227 3076 ῖστησι
1251 2993 1400 3075 γεγωνόν.

169 3082 313 3166 Aloiphr.
336 3081 394 3146 III.
418 3083 469 3145 48.
497 3083 523 3146 1.
551 3091 639 3165 τορῷ
665 3106 722 3145 τινι
753 3081 807 3146 καὶ
839 3090 973 3164 γεγωνῴ
999 3091 1047 3164 τῷ
1078 3084 1247 3165 φωνὴματι
1279 3083 1399 3165 χρησά-

169 3195 275 3254 μενος.

260 3279 335 3342 444.
359 3277 541 3362 πυρφόρον]
565 3279 731 3360 πυρπνόου
754 3280 834 3361 conj.
857 3278 916 3361 BL,
939 3278 1009 3342 coll.
1032 3279 1137 3343 Prom.
1162 3278 1235 3340 953.
1259 3279 1399 3342 πέποιθα

170 3366 200 3430 δ’
224 3368 314 3450 αὐτῷ
338 3367 394 3441 ξὺν
418 3368 489 3450 δίκη
513 3368 567 3431 τόν
589 3368 759 3450 πυρφόρον
784 3364 788 3455 ]
814 3370 899 3450 ἥξειν
926 3367 1083 3449 κεραυνὸν
1106 3368 1201 3431 οὐδὲν
1223 3369 1400 3450 ἐξῃκασμέ-

170 3480 226 3521 νον
251 3453 255 3544 ]
281 3458 521 3539 μεσημβρινοῖσι
553 3457 705 3520 θάλπεσιν
736 3463 800 3526 τοῖς
831 3457 929 3538 ἡλίου.
962 3461 995 3520 et
1022 3457 1118 3520 schol.
1148 3457 1223 3520 οάδὲ
1249 3456 1303 3520 τὸν
1326 3456 1401 3527 Διὸς

170 3545 312 3629 σκηπτὸν
335 3548 378 3616 είς
406 3552 464 3629 γῆν
492 3546 730 3628 κατενεχθέντα,
759 3544 790 3629 [ἡ
814 3547 912 3609 αὐτοῦ
939 3551 995 3608 τοῦ
1018 3545 1093 3616 Διὸς
1116 3546 1400 3628 φιλονεικὴσαντος,

171 3654 254 3716 quae
287 3636 328 3699 ad
359 3636 530 3699 lectionem
561 3637 626 3717 ἔριν
654 3633 826 3718 0900111110]
860 3635 1013 3716 ε’μποδὼν
1046 3636 1192 3715 γένεσθαι
1224 3637 1279 3716 (ἂν
1302 3637 1401 3716 γεν.7]

170 3726 259 3806 αὐτῷ
282 3725 370 3805 λέγει.
415 3724 592 3788 Verissima
614 3725 780 3804 correctio,
809 3725 935 3806 opinor,
962 3725 1025 3787 nisi
1054 3724 1138 3805 quod
1166 3743 1223 3807 pro
1247 3724 1401 3806 ἐμποδὼν

170 3812 343 3896 legendum
375 3815 519 3896 suspicor
551 3815 583 3883 ἐς
614 3813 713 3876 πέδον
738 3813 790 3876 vel
813 3813 846 3876 ἐν
870 3814 940 3894 (ἐμ)
964 3813 1063 3894 πέδῳ.
1108 3812 1282 3877 Tentabam
1305 3813 1401 3876 etiam

171 3902 241 3966 οὐδ’
269 3903 310 3965 ἀν
336 3926 383 3965 νιν
410 3902 485 3972 Διὸς
514 3898 518 3989 ]
547 3909 612 3985 πῦρ
644 3903 676 3972 ές
708 3902 807 3965 πέδον
844 3903 887 3982 (ἐν
919 3900 1021 3984 πέδῳ)
1054 3909 1184 3984 σκῆφαν
1214 3901 1250 3965 τὸ
1281 3902 1326 3983 μὴ
1361 3903 1400 3964 οά

170 3998 271 4055 ποιεῖν
293 3991 426 4073 σχεθεῖν.
530 3990 585 4054 τὸν
616 3991 786 4073 πυρφόρον
812 4027 850 4036 -
879 3990 1047 4074 κεραυνὸν]
1080 3990 1124 4054 Of.
1149 3990 1241 4074 Soph.
1266 3989 1342 4054 Oed.
1367 3990 1400 4054 O.

174 4080 267 4143 1502.
291 4082 461 4163 πυρφόρος
483 4081 563 4144 θεοῦ
587 4081 750 4162 κεραυνός.

260 4188 334 4250 446.
357 4189 597 4270 μεσημβρινοῖσι
625 4187 777 4251 θάλπεσιν
802 4185 860 4270 -]
890 4187 934 4250 Of.
958 4187 1054 4250 An'st.
1078 4187 1138 4249 Av.
1165 4186 1258 4248 1096.
1288 4187 1401 4267 ἀχέτας

172 4276 305 4340 θάλπεσι
317 4278 552 4359 ’μεσημβρινοῖς
567 4276 741 4359 ἡλιομανὴς
763 4278 835 4359 βοᾷ.
862 4275 990 4339 Lucian.
1006 4276 1114 4339 Amor.
1132 4276 1183 4337 45.
1207 4273 1288 4357 πρὸς
1310 4275 1400 4356 ἡλίου

171 4365 389 4448 μεσημβρινὸν
412 4366 544 4435 θάλπος.

260 4456 335 4518 447.
359 4456 410 4518 κεῖ
430 4453 490 4538 -]
520 4454 677 4518 01141101.
694 4455 788 4538 Vesp.
808 4455 902 4517 1332.
926 4453 945 4538 ἡ
969 4453 1035 4538 μὴν
1058 4452 1096 4517 σὺ
1122 4453 1234 4523 δώσεις
1250 4488 1291 4496 -
1309 4451 1400 4535 δίκην

173 4579 215 4590 -
237 4545 289 4609 κεί
309 4542 425 4630 σφόδρ’
449 4542 478 4609 ελ
498 4545 628 4615 νεανίας.
